
@STRING(PRL="Phys. Rev. Lett.")
@STRING(RMP="Rev. Mod. Phys.")

@misc{fs-drift:github,
  author = {B. England},
  title = {fs-drift},
  year = {2017},
  publisher = {GitHub},
  journal = {GitHub repository},
  howpublished = {\url{https://github.com/parallel-fs-utils/fs-drift}}
}

@article{Cotroneo:2014:SSA:2543749.2539117,
 author = {Cotroneo, Domenico and Natella, Roberto and Pietrantuono, Roberto and Russo, Stefano},
 title = {A Survey of Software Aging and Rejuvenation Studies},
 journal = {J. Emerg. Technol. Comput. Syst.},
 issue_date = {January 2014},
 volume = {10},
 number = {1},
 month = jan,
 year = {2014},
 issn = {1550-4832},
 pages = {8:1--8:34},
 articleno = {8},
 numpages = {34},
 url = {http://doi.acm.org/10.1145/2539117},
 doi = {10.1145/2539117},
 acmid = {2539117},
 publisher = {ACM},
 address = {New York, NY, USA},
 keywords = {Software aging, aging-related bugs, performance degradation, software aging literature, software rejuvenation},
} 

@inproceedings{Ousterhout:1985:TAU:323647.323631,
 author = {Ousterhout, John K. and Da Costa, Herv{\'e} and Harrison, David and Kunze, John A. and Kupfer, Mike and Thompson, James G.},
 title = {A Trace-driven Analysis of the UNIX 4.2 BSD File System},
 booktitle = {Proceedings of the Tenth ACM Symposium on Operating Systems Principles},
 series = {SOSP '85},
 year = {1985},
 isbn = {0-89791-174-1},
 location = {Orcas Island, Washington, USA},
 pages = {15--24},
 numpages = {10},
 url = {http://doi.acm.org/10.1145/323647.323631},
 doi = {10.1145/323647.323631},
 acmid = {323631},
 publisher = {ACM},
 address = {New York, NY, USA},
} 

@article{Smith:1997:FSA:258623.258689,
 author = {Smith, Keith A. and Seltzer, Margo I.},
 title = {File System Aging\&Mdash;Increasing the Relevance of File System Benchmarks},
 journal = {SIGMETRICS Perform. Eval. Rev.},
 issue_date = {June 1997},
 volume = {25},
 number = {1},
 month = jun,
 year = {1997},
 issn = {0163-5999},
 pages = {203--213},
 numpages = {11},
 url = {http://doi.acm.org/10.1145/258623.258689},
 doi = {10.1145/258623.258689},
 acmid = {258689},
 publisher = {ACM},
 address = {New York, NY, USA},
} 


@INPROCEEDINGS{rocketscience:qhe,
  AUTHOR =       "V. Tarasov and S. Bhanage and E. Zadok and M. Seltzer",
  TITLE =        "{Benchmarking File System Benchmarking: It *IS* Rocket Science}",
  BOOKTITLE =    "Proceedings of HotOS XIII:The 13th USENIX Workshop on Hot Topics in Operating Systems",
  ADDRESS =      "Napa, CA",
  MONTH =        "May",
  YEAR =         "2011",
}


@article{Traeger:2008:NYS:1367829.1367831,
 author = {Traeger, Avishay and Zadok, Erez and Joukov, Nikolai and Wright, Charles P.},
 title = {A Nine Year Study of File System and Storage Benchmarking},
 journal = {Trans. Storage},
 issue_date = {May 2008},
 volume = {4},
 number = {2},
 month = may,
 year = {2008},
 issn = {1553-3077},
 pages = {5:1--5:56},
 articleno = {5},
 numpages = {56},
 url = {http://doi.acm.org/10.1145/1367829.1367831},
 doi = {10.1145/1367829.1367831},
 acmid = {1367831},
 publisher = {ACM},
 address = {New York, NY, USA},
 keywords = {Benchmarks, file systems, storage systems},
} 
  
@INPROCEEDINGS{windows2006:qhe,
  AUTHOR =       "G. Nijs and A. Biesheuvel and A. Denissen and N. Lambert",
  TITLE =        "{The Effects of Filesystem Fragmentation}",
  BOOKTITLE =    "Proceedings of Linux Symposium, Volume One",
  ADDRESS =      "Ottawa, Ontario, Canada",
  MONTH =        "July",
  YEAR =         "2006",
}

@inproceedings{Zhu:2005:TSA:1251028.1251052,
 author = {Zhu, Ningning and Chen, Jiawu and Chiueh, Tzi-Cker},
 title = {TBBT: Scalable and Accurate Trace Replay for File Server Evaluation},
 booktitle = {Proceedings of the 4th Conference on USENIX Conference on File and Storage Technologies - Volume 4},
 series = {FAST'05},
 year = {2005},
 location = {San Francisco, CA},
 pages = {24--24},
 numpages = {1},
 url = {http://dl.acm.org/citation.cfm?id=1251028.1251052},
 acmid = {1251052},
 publisher = {USENIX Association},
 address = {Berkeley, CA, USA},
} 

@inBook{hdd:qhe,
  author =       {Remzi H. Arpaci-Dusseau and Andrea C. Arpaci-Dusseau},
  title =        "{Operating Systems: Three Easy Pieces}",
  publisher =    {Arpaci-Dusseau Books},
  month =        "May",
  year =         {2015},
  edition =      {0.91},
  chapter = {37},
}

@book{ssd:qhe,
 author = {Micheloni, Rino and Marelli, Alessia and Eshghi, Kam},
 title = {Inside Solid State Drives (SSDs)},
 year = {2012},
 isbn = {9400751451, 9789400751453},
 publisher = {Springer Publishing Company, Incorporated},
} 

@inproceedings{xfs:qhe,
 author = {Sweeney, Adam and Doucette, Doug and Hu, Wei and Anderson, Curtis and Nishimoto, Mike and Peck, Geoff},
 title = {Scalability in the XFS File System},
 booktitle = {Proceedings of the 1996 Annual Conference on USENIX Annual Technical Conference},
 series = {ATEC '96},
 year = {1996},
 location = {San Diego, CA},
 pages = {1--1},
 numpages = {1},
 url = {http://dl.acm.org/citation.cfm?id=1268299.1268300},
 acmid = {1268300},
 publisher = {USENIX Association},
 address = {Berkeley, CA, USA},
} 

@inproceedings{ext4:qhe,
  added-at = {2016-01-18T15:13:04.000+0100},
  author = {Mathur, Avantika and Cao, Mingming and Bhattacharya, Suparna and Dilger, Andreas and Tomas, Alex and Vivier, Laurent},
  author:corp = {Citeseer},
  biburl = {http://www.bibsonomy.org/bibtex/286a2cffbbd58b5608f84b3a7f080b1c3/fezett},
  booktitle = {Proceedings of the Linux Symposium},
  file = {:/home/felix/Copy/Diplom/Docear/projects/Diplom/literature_repository/The new ext4 filesystem - current status and future plans.pdf:PDF},
  interhash = {0c7c8baf351782970a74c9218e6fefe1},
  intrahash = {86a2cffbbd58b5608f84b3a7f080b1c3},
  keywords = {imported},
  pages = {21-33},
  timestamp = {2016-01-18T15:15:28.000+0100},
  title = {The new ext4 filesystem: current status and future plans},
  volume = 2,
  year = 2007
}

@inproceedings{Lu:2013:SLF:2591272.2591276,
 author = {Lu, Lanyue and Arpaci-Dusseau, Andrea C. and Arpaci-Dusseau, Remzi H. and Lu, Shan},
 title = {A Study of Linux File System Evolution},
 booktitle = {Proceedings of the 11th USENIX Conference on File and Storage Technologies},
 series = {FAST'13},
 year = {2013},
 location = {San Jose, CA},
 pages = {31--44},
 numpages = {14},
 url = {http://dl.acm.org/citation.cfm?id=2591272.2591276},
 acmid = {2591276},
 publisher = {USENIX Association},
 address = {Berkeley, CA, USA},
} 

@inproceedings{de2006effects,
  title={The effects of filesystem fragmentation},
  author={de Nijs, Giel and Biesheuvel, Ard and Denissen, Ad and Lambert, Niek},
  booktitle={Proc. 2006 Linux Symposium},
  volume={1},
  pages={193--208},
  year={2006},
  organization={Citeseer}
}

@inproceedings{sato2007:ext4,
  title={ext4 online defragmentation},
  author={Sato, Takashi},
  booktitle={Proceedings of the Linux Symposium},
  volume={2},
  pages={179--86},
  year={2007},
  organization={Citeseer}
}
