
@STRING(PRL="Phys. Rev. Lett.")
@STRING(RMP="Rev. Mod. Phys.")





@INPROCEEDINGS{harvardaging:qhe,
   AUTHOR="K. Smith and M. Seltzer",
   TITLE="{File System Aging}",
   BOOKTITLE = "Proceedings of the 1997 Sigmetrics Conference",
   ADDRESS = "Seattle, WA",
   YEAR="1997",
   MONTH="June",
   PAGES="203-213",
   NOTE="online"
}


@INPROCEEDINGS{rocketscience:qhe,
  AUTHOR =       "V. Tarasov and S. Bhanage and E. Zadok and M. Seltzer",
  TITLE =        "{Benchmarking File System Benchmarking: It *IS* Rocket Science}",
  BOOKTITLE =    "Proceedings of HotOS XIII:The 13th USENIX Workshop on Hot Topics in Operating Systems",
  ADDRESS =      "Napa, CA",
  MONTH =        "May",
  YEAR =         "2011",
}


@ARTICLE{fsbench-article:qhe,
  AUTHOR =       "A. Traeger and N. Joukov and C. P. Wright and E. Zadok",
  TITLE =        "{A Nine Year Study of File System and Storage Benchmarking}",
  JOURNAL =      "ACM Transactions on Storage (TOS)",
  YEAR =         "2008",
  MONTH =        "May",
  VOLUME =       "4",
  NUMBER =       "2",
  PAGES =        "25--80"
  }
  
  
@INPROCEEDINGS{windows2006:qhe,
  AUTHOR =       "G. Nijs and A. Biesheuvel and A. Denissen and N. Lambert",
  TITLE =        "{The Effects of Filesystem Fragmentation}",
  BOOKTITLE =    "Proceedings of Linux Symposium, Volume One",
  ADDRESS =      "Ottawa, Ontario, Canada",
  MONTH =        "July",
  YEAR =         "2006",
}

@article{TBBT:qhe,
 author = {zhu, Ningning and Chen, Jiawu and Chiueh, Tzi-cker and Ellard, Daniel},
 title = {TBBT: Scalable and Accurate Trace Replay for File Server Evaluation},
 journal = {SIGMETRICS Perform. Eval. Rev.},
 issue_date = {June 2005},
 volume = {33},
 number = {1},
 month = jun,
 year = {2005},
 address = {New York, NY, USA},
 keywords = {NFS, aging, benchmarks, file system evaluation, trace play},
} 

@inBook{hdd:qhe,
  author =       {Remzi H. Arpaci-Dusseau and Andrea C. Arpaci-Dusseau},
  title =        "{Operating Systems: Three Easy Pieces}",
  publisher =    {Arpaci-Dusseau Books},
  month =        "May",
  year =         {2015},
  edition =      {0.91},
  chapter = {37},
}

@book{ssd:qhe,
 author = {Micheloni, Rino and Marelli, Alessia and Eshghi, Kam},
 title = {Inside Solid State Drives (SSDs)},
 year = {2012},
 isbn = {9400751451, 9789400751453},
 publisher = {Springer Publishing Company, Incorporated},
} 

@inproceedings{xfs:qhe,
 author = {Sweeney, Adam and Doucette, Doug and Hu, Wei and Anderson, Curtis and Nishimoto, Mike and Peck, Geoff},
 title = {Scalability in the XFS File System},
 booktitle = {Proceedings of the 1996 Annual Conference on USENIX Annual Technical Conference},
 series = {ATEC '96},
 year = {1996},
 location = {San Diego, CA},
 pages = {1--1},
 numpages = {1},
 url = {http://dl.acm.org/citation.cfm?id=1268299.1268300},
 acmid = {1268300},
 publisher = {USENIX Association},
 address = {Berkeley, CA, USA},
} 

@inproceedings{ext4:qhe,
  added-at = {2016-01-18T15:13:04.000+0100},
  author = {Mathur, Avantika and Cao, Mingming and Bhattacharya, Suparna and Dilger, Andreas and Tomas, Alex and Vivier, Laurent},
  author:corp = {Citeseer},
  biburl = {http://www.bibsonomy.org/bibtex/286a2cffbbd58b5608f84b3a7f080b1c3/fezett},
  booktitle = {Proceedings of the Linux Symposium},
  file = {:/home/felix/Copy/Diplom/Docear/projects/Diplom/literature_repository/The new ext4 filesystem - current status and future plans.pdf:PDF},
  interhash = {0c7c8baf351782970a74c9218e6fefe1},
  intrahash = {86a2cffbbd58b5608f84b3a7f080b1c3},
  keywords = {imported},
  pages = {21-33},
  timestamp = {2016-01-18T15:15:28.000+0100},
  title = {The new ext4 filesystem: current status and future plans},
  volume = 2,
  year = 2007
}

@inproceedings{Cotroneo:2010:SAA:1913797.1914413,
 author = {Cotroneo, Domenico and Natella, Roberto and Pietrantuono, Roberto and Russo, Stefano},
 title = {Software Aging Analysis of the Linux Operating System},
 booktitle = {Proceedings of the 2010 IEEE 21st International Symposium on Software Reliability Engineering},
 series = {ISSRE '10},
 year = {2010},
 isbn = {978-0-7695-4255-3},
 pages = {71--80},
 numpages = {10},
 url = {http://dx.doi.org/10.1109/ISSRE.2010.24},
 doi = {10.1109/ISSRE.2010.24},
 acmid = {1914413},
 publisher = {IEEE Computer Society},
 address = {Washington, DC, USA},
 keywords = {Software aging, Linux kernel, trend analysis},
} 

@article{Lu:2014:SLF:2578042.2560012,
 author = {Lu, Lanyue and Arpaci-Dusseau, Andrea C. and Arpaci-Dusseau, Remzi H. and Lu, Shan},
 title = {A Study of Linux File System Evolution},
 journal = {Trans. Storage},
 issue_date = {January 2014},
 volume = {10},
 number = {1},
 month = jan,
 year = {2014},
 issn = {1553-3077},
 pages = {3:1--3:32},
 articleno = {3},
 numpages = {32},
 url = {http://doi.acm.org/10.1145/2560012},
 doi = {10.1145/2560012},
 acmid = {2560012},
 publisher = {ACM},
 address = {New York, NY, USA},
 keywords = {File systems, bug, failure, patch, performance, reliability},
} 

@online{xfs:page,
  author = {},
  title = {Project XFS Linux},
  year = 1999,
  url = {http://oss.sgi.com/projects/xfs/},
  urldate = {2017-04-20}
}



